@article{breiman2001random,
  title={Random forests},
  author={Breiman, Leo},
  journal={Machine Learning},
  volume={45},
  number={1},
  pages={5--32},
  year={2001}
}
@Manual{forecast,
    title = {{forecast}: Forecasting functions for time series and linear models} ,author = {Rob Hyndman and George Athanasopoulos and Christoph Bergmeir and Gabriel Caceres and Leanne Chhay and Mitchell O'Hara-Wild and Fotios Petropoulos and Slava Razbash and Earo Wang and Farah Yasmeen},
year = {2018},
note = {R package version 8.3},
url = {http://pkg.robjhyndman.com/forecast},
}
@article{fforms,
  title={Meta-learning how to forecast time series},
  author={Talagala, Thiyanga S and Hyndman, Rob J and Athanasopoulos, George},
  journal={Technical Report 6/18, Monash University.},
  year = {2018},
}
@ARTICLE{Zhao,
  title  = "{Causal Interpretations of black-box models}",
  author = "Zhao, Qingyuan and Hastie, Trevor"
}
@article{friedman2008predictive,
  title={Predictive learning via rule ensembles},
  author={Friedman, Jerome H and Popescu, Bogdan E and others},
  journal={The Annals of Applied Statistics},
  volume={2},
  number={3},
  pages={916--954},
  year={2008},
  publisher={Institute of Mathematical Statistics}
}